2283 3171
238 154 348 213 522

267 257 468 303 Mittam:
497 252 582 318 pcst
597 253 717 319 paulo
737 249 899 318 scribit,
920 249 1001 317 fibi
1014 251 1137 300 millia

401 339 466 368 um
494 339 541 367 ue

269 391 349 455 Effe
374 341 492 435 {lorniq
501 388 742 457 chlamydum
757 409 770 437 .·
778 401 950 455 partem,
966 389 1041 438 vel
1060 392 1137 439 tol-

364 459 464 505 leret
485 476 625 504 omnes.

299 525 485 575 Accedit
514 524 639 595 quod
670 532 717 575 in
751 544 804 574 eo
826 529 1002 595 ingente
1031 545 1136 595 pur-

228 613 465 663 purearum
492 594 778 660 chlamydum
804 613 1004 655 numero,
1019 596 1136 647 sum—

227 683 419 722 marum,
480 666 637 733 quibus
680 663 1006 714 circumfluebat
1046 671 1134 716 Lu-

224 732 379 790 cullus,
415 751 555 800 opum
580 734 832 802 exemplum
859 731 1134 784 luculentum

228 801 453 859 habemus,
492 821 539 851 ut
570 822 620 850 ex
661 808 708 852 iis
738 802 877 853 multa
911 823 1005 871 pars
1039 825 1132 854 non

227 888 401 919 tantum
439 869 717 930 redundaret,
770 872 839 921 sed
882 878 1014 923 etiam
1054 874 1134 924 do-

225 945 404 988 minum
428 940 604 999 falleret,
632 959 764 1011 atque
793 941 848 989 ab
877 961 930 990 eo
957 947 1132 1012 ignora-

223 1025 353 1067 retur,
371 1027 419 1058 ut
435 1011 569 1058 ass'erit
590 1016 746 1060 Poeta:
772 1009 904 1080 idque
930 1010 1026 1060 lane
1052 1032 1130 1062 vo-

222 1075 304 1126 luit
338 1099 387 1127 ac
420 1077 527 1129 velle
568 1080 718 1128 debuit
756 1078 1019 1140 Plutarchus,
1057 1101 1130 1131 ex-

222 1146 366 1216 empla
411 1167 642 1217 congerere
683 1149 909 1218 aggressus,
946 1172 997 1200 ex
1030 1158 1131 1222 qui-

223 1215 302 1264 bus
337 1214 479 1266 videre
518 1217 582 1275 fir,
656 1216 906 1277 Lucullum,
941 1220 1002 1268 ob
1041 1226 1126 1271 im-

218 1304 398 1335 manem
436 1293 643 1336 omnium
675 1307 820 1337 rerum
844 1289 1125 1349 affluentiam,

219 1359 391 1403 Xerxem
437 1371 613 1423 togatum
654 1362 747 1419 jure
787 1356 908 1406 fuiffe
938 1357 1126 1425 appella-

219 1440 343 1471 tum:
387 1441 436 1471 ut
455 1445 540 1471 cum
565 1425 736 1473 omnibus
761 1428 881 1473 modis
902 1424 1043 1493 (quod
1065 1431 1124 1476 ait

217 1493 357 1541 verbis
399 1491 601 1543 Catilinae
647 1493 819 1560 Crispus
875 1493 1120 1552 Sallustius)

209 1567 413 1627 pecuniam
448 1562 624 1610 traheret
667 1576 931 1629 vexaretque,
967 1564 1125 1630 summa

216 1645 348 1678 tamen
376 1631 532 1679 libidine
552 1631 726 1679 divitias
749 1632 851 1697 suas
873 1638 1037 1682 ‘vincere
1058 1653 1126 1682 ne-

215 1704 358 1764 quiret.
430 1704 585 1768 Itaque
623 1718 716 1748 non
746 1718 943 1761 omnem,
981 1719 1028 1752 ut
1063 1722 1126 1752 re-

214 1785 279 1825 or,
307 1766 528 1817 maculam
564 1770 765 1839 abstergit
795 1768 1023 1821 Plutarcho
1060 1778 1126 1823 vir

214 1835 393 1895 doetus,
449 1835 645 1898 scribens,
707 1839 823 1907 posse
861 1839 1124 1909 responderi,

215 1904 510 1964 Plutarchum,
547 1926 595 1957 ut
621 1909 913 1968 Historicum,
929 1916 1121 1979 primam

214 1973 397 2024 historiae
430 1976 570 2046 legem
607 1974 792 2035 servasse,
831 1998 929 2048 quae
961 1981 1033 2040 est,
1069 2002 1124 2032 ne

213 2043 324 2112 quid
366 2042 454 2093 falfi
500 2045 639 2095 dicat:
682 2053 920 2096 Horatium
959 2068 1123 2112 autem,

218 2132 266 2162 ut
295 2119 488 2173 Poetam,
526 2120 585 2164 rei
613 2114 797 2186 quidem
823 2123 1048 2169 veritatem
1070 2141 1123 2169 eo

215 2181 347 2250 usque
371 2180 578 2249 secutum,
613 2184 764 2255 quoad
797 2188 998 2237 instituto
1034 2195 1121 2254 ejus

217 2269 327 2317 opus
367 2250 519 2300 fuerit:
556 2272 651 2301 rem
687 2254 823 2320 ipsam
861 2274 1009 2303 autem
1041 2277 1122 2324 pro

217 2316 294 2366 suo
315 2324 408 2382 jure
437 2319 599 2368 ornasse
627 2331 671 2370 &
711 2322 864 2371 auxiffe
899 2323 1052 2373 verbis.

286 2386 486 2436 Alterum
507 2407 711 2448 errorem,
749 2410 885 2460 quem
903 2389 975 2441 hic
1015 2413 1124 2445 erra-

218 2462 280 2504 vit
316 2455 582 2515 Plutarchus,
619 2464 790 2526 optime
829 2459 1031 2510 viderunt
1073 2483 1122 2512 u-

217 2524 401 2595 triusque
431 2525 589 2596 linguae
618 2532 880 2596 interpreteS,
917 2535 962 2579 in
983 2550 1121 2601 quem

217 2612 272 2642 ne
302 2592 552 2653 inciderent,
572 2597 626 2645 ab
654 2597 785 2664 ipsius
815 2602 1000 2648 andtoris
1031 2621 1123 2650 ver-

219 2662 281 2710 bis
321 2662 593 2778 aliguantum
619 2664 896 2717 deflexerunt.
960 2674 1122 2741 Neque

215 2736 333 2779 enim
411 2737 486 2780 ixit
528 2739 751 2795 Horatius,
788 2739 1028 2787 existimare
1067 2741 1120 2798 se,

207 2799 329 2851 illam
345 2798 501 2852 exilem
529 2811 572 2852 ὃς
600 2809 789 2875 inopem
810 2808 889 2857 effe
910 2807 1119 2869 domum,

529 135 656 218 Jo.
707 131 1083 191 RUALm
1148 129 1818 198 ANIMADVERS.

1183 255 1232 300 in
1261 269 1349 321 qua
1375 269 1469 302 non
1502 249 1692 320 plurima
1730 255 1986 317 redundant,
2018 261 2088 313 {ed

1183 318 1390 388 praeclaro
1435 321 1799 389 Epiphonemate,
1858 343 2087 380 avarorum

1184 396 1232 439 &
1261 387 1582 442 luxuriolbrum
1607 390 1847 444 hominum
1881 392 1944 443 sui
1977 414 2089 447 tem-

1183 463 1302 526 poris
1328 477 1525 509 mentem
1551 461 1762 531 expreffit,
1788 483 1840 512 ex
1866 483 2021 514 eorum
2036 466 2088 514 fi-

1183 545 1240 576 ne
1266 525 1421 587 dubio,
1457 547 1550 578 non
1580 549 1630 579 ex
1665 531 1751 590 sua,
1786 550 1836 582 ut
1865 531 1960 584 vult
1989 533 2088 585 Plu-

1184 596 1366 655 tarchus,
1404 598 1584 666 persona
1605 598 1845 667 subjiciens,

1217 732 1346 780 Exilis
1379 733 1513 781 domus
1553 733 1621 799 cst,
1656 732 1722 781 ubi
1760 751 1838 782 non
1875 739 1937 793 ᾤ’
1966 737 2090 786 multa

1306 802 1535 868 fitprfimn

1217 874 1275 918 Et
1299 869 1490 918 dominum
1503 870 1680 939 fallunt,
1717 875 1778 928 ὠ
1792 873 1959 941 profimt
1975 873 2085 942 suri-

1319 937 1403 986 hus.

1309 1076 1707 1125 ANIMADV.
1779 1079 1936 1127 XVII.

1177 1211 1292 1278 Quod
1303 1213 1467 1278 positum
1491 1228 1518 1257 a
1542 1210 1759 1260 Plutarcho
1783 1229 1918 1264 nomen
1950 1215 2082 1267 Cleo„

1247 1285 1311 1328 nis
1322 1296 1396 1346 pro
1420 1280 1665 1346 Agoracriti
1689 1280 1742 1346 ψ
1756 1302 1770 1329 .·
1791 1284 1903 1347 ficut
1928 1287 1978 1334 ab
2000 1294 2081 1337 Eu-

1231 1348 1387 1413 stathio
1415 1366 1551 1396 nomen
1581 1349 1874 1400 Semiramidis
1888 1369 1964 1420 pro
1985 1359 2082 1404 Na—

1247 1415 1613 1474 buchodonosori,
1652 1419 1780 1467 Therae
1819 1439 1903 1488 pro
1946 1429 2080 1484 Batti,

1246 1495 1331 1534 &c.
1369 1485 1676 1536 Macedonum
1703 1504 1778 1555 pro
1812 1489 2029 1544 Persarum
2056 1512 2084 1542 a

1200 1577 1202 1579 v
1244 1561 1417 1602 Seneca.-
1450 1554 1670 1605 Herodoti
1724 1562 1787 1615 ὠ»
1829 1559 1983 1610 Ctefiae
2008 1579 2084 1628 pro

1245 1621 1551 1692 Xenophonte
1579 1644 1605 1673 a
1631 1631 1780 1676 Tzetze
1793 1649 1807 1676 .·
1840 1648 1866 1677 a
1891 1629 2083 1680 Strabone

1243 1697 1305 1749 ὠ
1331 1698 1510 1743 Cicerone
1549 1699 1673 1744 Darii
1711 1711 1785 1763 pro
1815 1699 2082 1749 Artaxerxis:

1242 1763 1293 1812 ab
1330 1764 1458 1813 eodem
1477 1767 1667 1813 'Cicerone
1693 1768 1836 1816 Aiacis
1862 1784 1937 1834 pro
1961 1774 2083 1817 Hec-

1245 1838 1361 1893 toris,
1402 1835 1753 1903 Agamemnonis
1788 1852 1864 1903 pro
1908 1834 2082 1902 Ulyffis,

1243 1908 1339 1960 &a
1375 1902 1426 1950 ab
1471 1906 1652 1953 Antonio
1701 1909 1869 1954 Mureto
1912 1911 2081 1957 Senecae

1242 1970 1488 2039 Philosophi
1519 1988 1594 2038 pro
1643 1978 1811 2023 Senecae
1852 1973 2079 2025 Rhetoris:

1233 2057 1308 2109 pro
1336 2039 1532 2099 Achillis,
1576 2043 1924 2110 Agamemnonis
1954 2065 1983 2094 a
2007 2051 2080 2094 Pe-

1241 2110 1517 2249 KZ)‚V2'ffori0.
1587 2117 1668 2160 Hic
1691 2114 1790 2161 idem
1812 2114 2078 2183 μεταμελό-

1343 2322 1395 2366 In
1434 2322 1645 2366 N1o1A
1673 2335 1772 2385 pag.
1806 2322 1927 2369 210(

1173 2453 1268 2536 ‘O
1300 2454 1344 2507 δ”
1375 2454 1685 2523 Ἀᾶιςοφοίνὸς
1728 2454 1900 2514 Κλέων,
1949 2458 2078 2514 dver-

1305 2533 1397 2583 λᾰῖν
1437 2531 1579 2598 λέγει,
1619 2531 1854 2598 ΛαξυΓγιῶ
1886 2531 1969 2590 τές
2007 2533 2077 2611 ῥή-

1171 2624 1322 2670 τορρις,
1357 2600 1391 2676 a}
1425 2606 1583 2658 Νικίαν
1613 2603 1820 2673 ταρρὲξω-
1893 2609 2076 2655 Hicet-

1170 2671 1268 2719 rass'e
1308 2669 1587 2721 Plutarchum
1635 2671 1892 2741 cognoscere
1935 2678 2076 2743 potest

1170 2758 1264 2788 non
1289 2739 1443 2809 aliquis
1466 2740 1750 2800 eruditorum,
1786 2741 1853 2790 sed
1880 2750 1957 2813 qui
1983 2762 2075 2794 tan-

1171 2827 1269 2879 tum
1296 2808 1445 2879 legerit
1468 2810 1766 2880 Aristophanis
1794 2817 1950 2872 ἱππεῖς,
1986 2816 2074 2864 Ac-

2024 2901 2074 2935 tu
