2283 3171
474 122 615 182 IN
705 106 1710 177 PLUTARCHUM.

181 265 230 298 tu
271 264 312 294 1.
350 248 483 293 Scena
509 258 585 290 111.
617 237 718 290 vers
771 258 881 299 123.
951 238 1078 284 Nam

182 315 292 366 inibi
319 331 414 362 non
441 309 597 370 Cleon,
631 314 698 358 vir
713 313 822 357 inter
843 322 1002 374 paucos
1014 305 1078 351 A-

185 383 324 434 thenis
347 381 481 431 clarus
505 389 550 429 &
580 395 748 446 potens,
762 376 816 426 de
840 374 1078 425 oratoribus

189 463 235 503 ὃ(-
275 454 408 499 Nicia
443 450 520 497 ista
555 449 766 517 loquitur,
809 443 879 494 sed
914 447 1081 512 Agora·-

185 526 329 577 critus‚
364 516 623 585 allantopola
656 513 853 586 quidam,
888 512 975 563 sive
1002 512 1080 563 ho-

186 608 266 639 mo
293 586 502 637 viliffimae
527 585 660 645 sortis,
691 604 741 633 ac
769 581 948 632 fortaffis
976 600 1080 631 ven-

187 656 302 706 ditor
324 653 619 712 farciminum,
644 658 730 710 cui,
766 649 891 721 quod
924 650 1018 698 effet
1038 669 1081 696 e-

187 731 330 795 gregie
353 724 594 794 improbus,
622 731 667 771 &
702 720 853 778 audax,
871 729 915 769 &
950 739 972 767 e
992 717 1083 786 ple-

187 798 242 844 be
276 812 406 852 unus,
457 791 675 842 summam
720 808 863 839 rerum
902 785 1083 837 Athenis

188 861 466 930 pollicentem
505 857 850 909 Demosthenem
880 856 962 926 ipse
1002 854 1086 905 ste-

192 951 248 980 na
281 950 335 980 11.
364 930 465 980 facit
490 934 674 978 Comica.
699 927 889 976 libertate
921 926 1086 974 Aristo-

432 1002 598 1059 Qiaerit
621 999 920 1063 Agoracritus:

190 998 362 1066 phanes.

256 1106 354 1113 -----
370 1072 461 1127 εἶπέ
488 1095 562 1140 μοι
588 1072 625 1147 25}
654 1075 748 1126 πῶς
777 1073 872 1139 ἐγὼ)

223 1147 587 1205 Ἀλλαιῆοπώλης
611 1144 682 1208 ὢν,
702 1145 808 1214 civile
824 1144 1087 1214 ύζωήσομοας

193 1266 364 1330 Excipit
391 1258 733 1309 Demosthenes:

231 1368 302 1421 Δι’
328 1365 445 1419 οιότὸ
477 1363 577 1434 ‘yde
599 1385 665 1418 τοι
679 1365 788 1416 τέτο
805 1359 839 1435 ιζ]
855 1360 998 1429 γίγνει
1011 1357 1097 1428 μὲ-

338 1462 444 1508 γας)
987 1504 1009 1513 ,-

230 1514 362 1570 ‘O‘nri
393 1510 587 1581 πονηξές,
627 1507 723 1577 nei}
759 1508 948 1575 σίγοξρῖς
974 1514 1023 1566 εἰ,
1058 1504 1096 1581 ²5}

336 1585 530 1656 θερισύς.

269 1675 374 1718 Hoc
395 1687 527 1736 porro
560 1664 773 1715 Plutarchi
787 1682 1030 1733 peccatum,
1054 1675 1096 1715 &

199 1737 280 1787 alia
310 1737 519 1801 ejusmodi
549 1756 641 1786 non
658 1734 904 1783 admodum
928 1753 1099 1804 magnae

201 1813 257 1856 rei
284 1807 390 1866 sunt,
428 1816 472 1854 ὃς
510 1803 534 1852 a
570 1804 733 1873 quibus
765 1803 938 1853 Clasfici
973 1804 1101 1871 scrip-

201 1894 310 1925 tores
327 1880 531 1924 omnium
565 1878 746 1921 minime
774 1872 851 1921 fibi
874 1891 1019 1922 cavere
1035 1872 1101 1921 di—

204 1944 411 1994 dicerunt.
465 1942 601 1992 Placet
628 1947 673 1989 in
703 1939 788 1990 hoc
811 1958 1006 1990 extremo
1032 1961 1102 1990 ca-

202 2018 292 2080 pite
318 2011 363 2061 id
388 2011 668 2080 cognoscere?
705 2009 947 2059 Eustathius
979 2016 1102 2059 Con-

200 2081 617 2148 stantinopolitanus,
653 2077 860 2148 dignitate
881 2079 1045 2136 Praesul,
1059 2100 1102 2127 e-

203 2150 299 2199 ditis
320 2169 345 2198 a
370 2149 407 2198 se
443 2154 490 2197 in
517 2154 767 2198 Homerum
792 2146 930 2197 dod‘cis
960 2154 1101 2197 Com-

205 2224 418 2268 mentariis
439 2222 653 2285 praecipue
677 2216 847 2276 nobilis,
861 2222 905 2266 in
927 2223 975 2265 iis
995 2216 1098 2274 aliis,

208 2306 318 2356 quos
344 2287 396 2336 ad
424 2284 619 2351 Dionysii
651 2284 933 2336 Alexandrini
962 2295 1101 2346 Πεμ-

207 2358 358 2424 ήνγηο-ιν
387 2354 641 2422 conscripsit,
679 2354 1005 2403 Semiramidem
1039 2373 1103 2402 re-

209 2425 290 2473 fert
328 2421 421 2471 illos
456 2421 638 2471 famosos
680 2423 817 2480 nn'7rgg
856 2423 1101 2491 κξεμαςές,

212 2494 342 2541 hortos
358 2493 518 2559 penfiles
536 2491 806 2539 construxisse
821 2513 830 2539 z
845 2497 921 2560 qui
948 2511 991 2539 re
1005 2496 1104 2560 qui-

213 2560 316 2609 dem
338 2579 434 2611 vera
463 2558 950 2608 Nabuchodonosorum
977 2565 1104 2624 Syriae

214 2629 301 2679 five
336 2629 603 2693 Assyriorum
648 2631 830 2696 Regem„
846 2635 892 2677 in
924 2627 1106 2693 Babylo-

214 2703 297 2747 niae
340 2698 444 2746 urbe
467 2693 737 2744 conditorem
771 2696 1023 2755 habuerunt,
1061 2715 1107 2745 ut

215 2785 379 2835 magno
409 2764 608 2816 consensu
634 2783 805 2818 narrant
837 2766 1002 2832 Flavius
1032 2772 1107 2838 Jo-

1904 133 2009 189 523

1123 227 1288 314 stphus,
1317 228 1391 278 lib.
1415 248 1457 277 x.
1479 248 1573 297 cap.
1599 246 1715 279 X111.
1751 230 2017 301 Ἀρχαιολο-

1125 301 1364 425 iffa}
1378 297 1825 416 {ffzffidssbsssuffis
1833 297 2010 416 53131223.

1125 455 1224 506 pag.
1257 458 1336 497 70.
1373 433 1669 493 Βιὲλιοθήκηςε
1708 435 1874 484 tametsi
1907 441 2019 484 Dio-

1127 506 1256 555 dorus
1283 516 1326 555 &
1355 509 1531 554 Curtius
1556 503 1688 571 ipsius
1701 509 1831 572 Regis
1855 524 2021 554 nomen

1127 574 1325 623 ascribere
1352 572 1518 641 insuper
1543 571 1784 621 habuerint.
1808 571 1930 622 Idem
1958 572 2023 621 iis-

1130 643 1294 692 demin
1317 641 1580 707 Dionysium
1602 640 1727 691 illurn
1756 642 2025 710 τωὲιῃγητζώ

1132 709 1308 761 Scholiis
1340 710 1673 760 hallucinatione
1721 709 1848 759 simili
1893 715 2028 774 Cyre-

1131 797 1218 830 nen
1257 798 1338 847 pro
1377 777 1562 838 Calliste,
1597 797 1683 837 aut,
1719 778 1750 827 s1
1793 783 1874 837 vis,
1911 777 2032 827 The-

1132 867 1226 898 ram
1252 848 1394 898 filium
1420 847 1661 897 Autefionis
1681 865 1762 914 pro
1781 853 1923 904 BattQ
1951 852 2031 917 qui

1133 937 1245 967 unus
1270 938 1292 966 e
1335 917 1565 984 nepotibus
1598 916 1752 965 Therae
1781 915 2031 973 celebratur,

1133 985 1284 1054 posuit.
1357 989 1483 1034 Nam
1539 985 1697 1054 On'fflq
1747 985 2034 1042 Αύτεο-ίωνῶ·

1136 1055 1227 1122 ιὶὂς,
1250 1054 1521 1119 Eurysthenis
1536 1065 1579 1104 δε
1609 1053 1764 1103 Proclis
1786 1059 2034 1121 primorum

1124 1129 1296 1191 Spartae
1322 1128 1498 1191 Regum
1530 1121 1779 1180 avunculus,
1815 1122 2036 1171 coloniam

1137 1198 1185 1239 in
1208 1191 1390 1241 insulam
1419 1189 1620 1240 Callisten
1644 1189 1835 1251 deduxit,
1858 1210 1955 1260 quae
1980 1193 2035 1240 ab

1140 1279 1192 1310 eo
1226 1262 1375 1326 postea
1401 1259 1542 1309 Thera
1577 1277 1825 1326 nuncupata
1866 1261 1940 1316 est,
1990 1277 2037 1308 ut

1142 1327 1312 1395 copiose
1354 1345 1524 1378 narrant
1564 1328 1813 1376 Herodotus
1856 1327 1929 1376 lib.
1965 1344 2036 1376 IV.

1141 1395 1238 1445 sect.
1270 1414 1463 1446 cxrvn.
1489 1406 1534 1446 &
1561 1394 1776 1445 Pausanias
1803 1394 1914 1443 libro
1948 1412 2038 1443 vn.

1144 1470 1223 1534 qui
1248 1465 1459 1534 Ἀχαικά,
1491 1463 1746 1522 inscribitur,
1781 1462 1912 1532 paulo
1945 1466 2041 1530 post

1143 1538 1424 1602 principium.
1494 1537 1623 1581 Unus
1655 1551 1802 1582 autem
1849 1552 1900 1582 ex
1953 1537 2044 1593 ejus

1144 1604 1334 1670 posteris,
1369 1618 1444 1649 aut
1481 1619 1634 1649 eorum
1671 1618 1796 1657 certe,
1834 1606 1912 1670 qui
1957 1619 2044 1649 una

1145 1690 1250 1720 cum
1288 1690 1340 1718 eo
1378 1668 1600 1719 coloniam
1650 1669 1927 1725 deduxerant,
1963 1686 2044 1717 no-

1146 1745 1266 1789 mine
1306 1737 1564 1796 Aristoteles,
1614 1737 1794 1796 Boffl&
1828 1756 1853 1784 a
1884 1737 2042 1804 lingua:

1146 1806 1341 1858 tarditate
1376 1812 1725 1877 cognominatus,
1761 1809 1915 1855 exactis
1944 1805 2044 1853 inde

1146 1877 1314 1948 aliquot
1339 1877 1496 1935 seculis,
1524 1875 1689 1925 alterius
1716 1874 1897 1924 coloniae
1923 1879 1969 1922 in
1985 1877 2045 1932 A·

1146 1945 1298 1996 fricam
1320 1965 1410 1996 non
1437 1945 1587 2013 procul
1609 1944 1698 1993 aede
1728 1946 2044 2011 AmmoniiJo-

1147 2021 1210 2063 vis
1235 2014 1516 2071 deducendae,
1551 2032 1680 2082 atque
1702 2011 1939 2062 condendae
1963 2016 2046 2059 ini-

1150 2084 1194 2132 bi
1227 2090 1407 2149 Cyrenae
1457 2083 1572 2131 urbis
1600 2086 1751 2130 auc-Ptoi-
1786 2080 1882 2137 fuit,
1920 2077 2044 2148 quod

1146 2152 1360 2201 luculente
1381 2154 1561 2200 Tzetzes
1580 2148 1787 2199 Chiliadis
1816 2166 1886 2197 vr.
1913 2146 2045 2197 histo-

1147 2225 1207 2269 ria
1231 2238 1414 2270 vam.
1441 2218 1611 2268 Solinus
1638 2217 1916 2266 Memorabil.
1945 2235 2040 2283 cap.

1149 2306 1342 2339 XXXVI.
1380 2287 1595 2337 Pausanias
1620 2291 1667 2335 in
1697 2291 1932 2344 Laconicis,
1958 2284 2046 2333 sive

1147 2356 1259 2407 libro
1306 2375 1380 2406 111.
1419 2357 1572 2405 Strabo
1603 2354 1714 2403 libro
1747 2372 1879 2403 xvn.
1914 2351 2045 2420 paulo

1148 2442 1247 2474 ante
1275 2425 1427 2481 finem,
1462 2423 1712 2473 Herodotus
1738 2428 1784 2472 in
1798 2421 2046 2489 Melpome-

1149 2513 1220 2551 ne,
1255 2493 1340 2543 slve
1365 2491 1439 2541 lib.
1470 2509 1538 2541 IV.
1575 2491 1669 2541 seec.
1695 2509 1807 2541 CLV.
1840 2499 1884 2539 &
1906 2495 2048 2539 Hero-

1152 2561 1246 2610 doti
1276 2563 1451 2632 aequalis
1473 2558 1676 2611 Pindarus
1701 2558 1803 2609 Ode
1822 2577 1892 2609 IV.
1923 2568 1968 2608 &
1994 2575 2051 2626 ν..ι

1153 2629 1409 2696 Pythiorum
1449 2647 1730 2699 exequuntur.
1801 2634 1936 2696 Igitur
1959 2634 2052 2676 med

1154 2704 1303 2748 moriae
1346 2704 1506 2749 vitium
1546 2700 1619 2755 est,
1656 2697 1780 2767 quod
1818 2702 1876 2745 ait
1905 2697 2051 2745 Eusta-

1155 2767 1281 2827 thius,
1318 2768 1537 2819 coloniam
1581 2764 1606 2814 a
1641 2765 1785 2818 Thera
1835 2771 2050 2831 Cyrenem

1445 2841 1491 2887 U
1510 2856 1538 2886 u
1556 2854 1584 2884 u
1625 2856 1650 2883 2.
1987 2833 2058 2882 de-
